@MISC{evans:labInstructions,
  AUTHOR       = "Hugh D. R. Evans",
  Title        = {Space Environment Laboratory Work with SPENVIS Radiation Environment and Effects v2.2},
  YEAR         = "2016",
  MONTH		   = "March",
  NOTE         = {SPENVIS Laboratory Instructions}
}

@misc{evans:lecture,
  Author = {Hugh D. R. Evans},
  Institution = {Luleå University of Technology, Department of Space Science},
  Howpublished = {University Lecture},
  Year = {2016},
  Publisher = {ESA/ESTEC; Rhea Systems},
  Title = {Using SPENVIS to evaluate the Space Environment}
}

@inproceedings{vallado2008,
  doi = {10.2514/6.2008-6442},
  url = {http://dx.doi.org/10.2514/6.2008-6442},
  year  = {2008},
  month = {Aug},
  publisher = {American Institute of Aeronautics and Astronautics ({AIAA})},
  author = {David Vallado and David Finkleman},
  title = {A Critical Assessment of Satellite Drag and Atmospheric Density Modeling},
  booktitle = {{AIAA}/{AAS} Astrodynamics Specialist Conference and Exhibit}
}

@misc{ecss:10-04C,
  Author = {ESA Requirements and Standards Division},
  Institution = {ESA / ESTEC},
  publisher = {CSS Secretariat ESA-ESTEC Requirements and Standards Division},
  Year = {2008},
  month = {Nov},
  Title = {{ECSS-E-ST-10-04C} - Space engineering - Space environment}
}

@online{ESA:clusterWebsite,
	author = {},
	year = 2016,
    url = {http://sci.esa.int/cluster/},
    title = "{ESA} Science Cluster Mission",
    lastchecked = {2016-03-26}
}

@misc{ESA:spenvisWebsite,
	author = {},
    url = {https://www.spenvis.oma.be/intro.php},
    title = "{SPENVIS} Space Environment Information System",
   	year = 2016,
    lastchecked = {2016-03-26}
}

@misc{celesTrak,
	author = {Dr. T. S. Kelso},
    url = {https://www.celestrak.com/NORAD/elements/science.txt},
    title = "{NORAD} Two-Line Element Sets Current Data",
   	year = 2016,
    lastchecked = {2016-03-30}
}

@misc{jsattrack,
	author = {},
	url = {http://www.gano.name/shawn/JSatTrak/},
	title = {{JSatTrack} Satellite Tracking Programm},
	year = 2008,
	lastchecked = {2016-03-31}

}

@article{hoymorksensors,
  title={Sensors and Instruments for Space Exploration, chapter 6},
  author={H{\o}ymork, Solveig H.},
  journal={Measurements by optical methods},
  pages={71--119}
}


@misc{ccdimaging,
author = {Michael W. Davidson},
url = {https://micro.magnet.fsu.edu/primer/digitalimaging/concepts/twophase.html},
title= "Concepts in Digital Imaging Technology",
year = 2016,
lastchecked = {2016-04-17}
}

@book{howellCCD,
  Author = {Steve B. Howell},
  Title = {Handbook of CCD Astronomy, 2nd Edition (Cambridge Observing Handbooks for Research Astronomers)},
  Publisher = {Cambridge University Press},
  Year = {2006},
  ISBN = {0521617626}
}

@misc{noiseFSU,
url = {https://micro.magnet.fsu.edu/primer/digitalimaging/concepts/ccdsnr.html},
author = "Michael W. Davidson",
title= "Concepts in Digital Imaging Technology, {CCD} Noise Sources",
year = 2016,
lastchecked = {2016-04-17}
}

@article{brandstrom2003auroral,
  title={The Auroral Large Imaging System: design, operation and scientific results},
  author={Br{\"a}ndstr{\"o}m, Urban},
  year={2003}
}

@article{pudovkin1997vorticity,
  title={Vorticity in the magnetospheric plasma and its signatures in the aurora dynamics},
  author={Pudovkin, Mikhail I and Steen, Ake and Br{\"a}ndstr{\"o}m, Urban},
  journal={Space Science Reviews},
  volume={80},
  number={3-4},
  pages={411--444},
  year={1997},
  publisher={Springer}
}

@misc{spacewiki,
url = {https://wiki.oulu.fi/display/SpaceWiki/},
author = "University of {Oulu, Finland}",
title = "SpaceWiki",
year = "2008",
lastchecked ={2016-04-19}
}

@article{obuchi2008initial,
  title={Initial observations of auroras by the multi-spectral auroral camera on board the Reimei satellite},
  author={Obuchi, Yasuyuki and Sakanoi, Takeshi and Yamazaki, Atsushi and Ino, Tomohiro and Okano, Shoichi and Kasaba, Yasumasa and Hirahara, Masafumi and Kanai, Yoshikazu and Takeyama, Norihide},
  journal={Earth, planets and space},
  volume={60},
  number={8},
  pages={827--835},
  year={2008},
  publisher={Springer}
}

@article{sakanoi2003development,
  title={Development of the multi-spectral auroral camera onboard the INDEX satellite},
  author={Sakanoi, Takeshi and Okano, Shoichi and Obuchi, Yasuyuki and Kobayashi, T and Ejiri, M and Asamura, K and Hirahara, M},
  journal={Advances in Space Research},
  volume={32},
  number={3},
  pages={379--384},
  year={2003},
  publisher={Elsevier}
}

@Book{richards2010principles,
 author = {Richards, M. A.},
 title = {Principles of modern radar},
 publisher = {SciTech Publishing},
 year = {2010},
 address = {Raleigh, NC},
 isbn = {978-1891121524}
 }
 
 @misc{erickson:lecture,
  Author = {Philip J. Erickson},
  Institution = {Massachusetts Institute of Technology},
  Howpublished = {University Lecture},
  Year = {2016},
  Publisher = {Luleå University of Technology, Department of Space Science},
  Title = {Lecture: General Radar Theory}
}

@misc{oslo:lecture,
url = {http://www.uio.no/studier/emner/matnat/fys/FYS3610/h07/Additional%20Information/2007_Radars.pdf},
author = "University of {Oslo, Norway}",
title = "Radar Measurements Lecture Slides",
lastchecked ={2016-04-28}
}

@article{gordon1958incoherent,
  title={Incoherent scattering of radio waves by free electrons with applications to space exploration by radar},
  author={Gordon, William E},
  journal={Proceedings of the IRE},
  volume={46},
  number={11},
  pages={1824--1829},
  year={1958},
  publisher={IEEE}
}
